@article{such2017deep,
  title={Deep neuroevolution: Genetic algorithms are a competitive alternative for training deep neural networks for reinforcement learning},
  author={Such, Felipe Petroski and Madhavan, Vashisht and Conti, Edoardo and Lehman, Joel and Stanley, Kenneth O and Clune, Jeff},
  journal={arXiv preprint arXiv:1712.06567},
  year={2017}
}

@book{Matlab,
  title={Optimización. Algoritmos Programados con MATLAB},
  author={Cuevas Jiménez, Erik Valdemar and Osuna Enciso,  José Valentín and Oliva Navarro, Diego Alberto and Díaz Cortés, Margarita Arimatea},
  publisher={Alfaomega Grupo Editor, S.A. de C.V. México},
  year={2016}
}

@book{sheppard,
  title={Genetic algorithms with python},
  author={Sheppard, Clinton},
  year={2017},
  publisher={Smashwords Edition}
}

@article{Andaluz,
  title={ALGORITMOS EVOLUTIVOS Y ALGORITMOS
GENéTICOS},
  author={Alfonso Mateos Andaluz }
}

@article{Montana1989TrainingFN,
  title={Training Feedforward Neural Networks Using Genetic Algorithms},
  author={D. Montana and Lawrence Davis},
  booktitle={IJCAI},
  year={1989}
}

@inproceedings{uriot2020safe,
  title={Safe crossover of neural networks through neuron alignment},
  author={Uriot, Thomas and Izzo, Dario},
  booktitle={Proceedings of the 2020 Genetic and Evolutionary Computation Conference},
  pages={435--443},
  year={2020}
}


@inproceedings{krishnanand2009comparative,
  title={Comparative study of five bio-inspired evolutionary optimization techniques},
  author={Krishnanand, KR and Nayak, Santanu Kumar and Panigrahi, Bijaya K and Rout, Pravat K},
  booktitle={2009 World Congress on Nature \& Biologically Inspired Computing (NaBIC)},
  pages={1231--1236},
  year={2009},
  organization={IEEE}
}

@article{fan2020review,
  title={Review and classification of bio-inspired algorithms and their applications},
  author={Fan, Xumei and Sayers, William and Zhang, Shujun and Han, Zhiwu and Ren, Luquan and Chizari, Hassan},
  journal={Journal of Bionic Engineering},
  volume={17},
  pages={611--631},
  year={2020},
  publisher={Springer}
}

@article{darwish2018bio,
  title={Bio-inspired computing: Algorithms review, deep analysis, and the scope of applications},
  author={Darwish, Ashraf},
  journal={Future Computing and Informatics Journal},
  volume={3},
  number={2},
  pages={231--246},
  year={2018},
  publisher={Elsevier}
}

@article{neshat2012review,
  title={A review of artificial fish swarm optimization methods and applications.},
  author={Neshat, Mehdi and Adeli, Ali and Sepidnam, Ghodrat and Sargolzaei, Mehdi and Toosi, Adel Najaran},
  journal={International Journal on Smart Sensing \& Intelligent Systems},
  volume={5},
  number={1},
  year={2012}
}

@article{dorigo2019ant,
  title={Ant colony optimization: overview and recent advances},
  author={Dorigo, Marco and St{\"u}tzle, Thomas},
  journal={Handbook of metaheuristics},
  pages={311--351},
  year={2019},
  publisher={Springer}
}

@inproceedings{tian2009improved,
  title={An improved artificial fish swarm algorithm for multi robot task scheduling},
  author={Tian, WenJie and Liu, JiCheng},
  booktitle={2009 Fifth International Conference on Natural Computation},
  volume={4},
  pages={127--130},
  year={2009},
  organization={IEEE}
}

@inproceedings{luo2010optimization,
  title={Optimization of PID controller parameters based on an improved artificial fish swarm algorithm},
  author={Luo, Yi and Wei, Wei and xin Wang, Shuang},
  booktitle={Third International Workshop on Advanced Computational Intelligence},
  pages={328--332},
  year={2010},
  organization={IEEE}
}

@inproceedings{jackson2019neuroevolution,
  title={Neuroevolution of Humanoids that Walk Further and Faster with Robust Gaits},
  author={Jackson, Ben and Channon, Alastair},
  booktitle={Artificial Life Conference Proceedings},
  pages={543--550},
  year={2019},
  organization={MIT Press}
}

@article{sainathapplication,
  title={Application of Neuroevolution in Autonomous Cars},
  author={Sainath, G and Vignesh, S and Siddarth, S and Suganya, G}
}


@article{
    profa,
    title={Clase de Redes Neuronales},
    author={Veronica E. Arriola-Rios},
    year={2020},
    note={Consultado el 10 de febrero del 2020 en \url{https://www.youtube.com/watch?v=lzubLqAXKZU&list=PLdFhsX0YpsnuJziN1v9DpHkmIT_iPCjxp&ab_channel=VeronicaE.Arriola-Rios}}
}

@article{stanley2017welcoming,
  title={Welcoming the era of deep neuroevolution},
  author={Stanley, Kenneth O and Clune, Jeff},
  journal={Uber Engineering},
  note={Revisado el 08 de enero del 2021 en \url{https://eng.uber.com/deep-neuroevolution/}},
  year={2017}
}

@article{
wiki_crossover,
title={Crossover (genetic algorithm)},
note={Consultado el 10 de febrero del 2020 en \url{https://en.wikipedia.org/wiki/Crossover_(genetic_algorithm)}}
}
@article{christodoulou2010scheduling,
  title={Scheduling resource-constrained projects with ant colony optimization artificial agents},
  author={Christodoulou, Symeon},
  journal={Journal of computing in civil engineering},
  volume={24},
  number={1},
  pages={45--55},
  year={2010},
  publisher={American Society of Civil Engineers}
}

@INBOOK{6281180,
  author={M. {Dorigo} and T. {Stützle}},
  booktitle={Ant Colony Optimization}, 
  title={The Ant Colony Optimization Metaheuristic}, 
  year={2004},
  volume={},
  number={},
  pages={25-64},
  doi={}}
  
  
@article{peng2018modification,
  title={Modification of fish swarm algorithm based on levy flight and firefly behavior},
  author={Peng, Zhenrui and Dong, Kangli and Yin, Hong and Bai, Yu},
  journal={Computational intelligence and neuroscience},
  volume={2018},
  year={2018},
  publisher={Hindawi}
}

@article{dorigo1996ant,
  title={Ant system: optimization by a colony of cooperating agents},
  author={Dorigo, Marco and Maniezzo, Vittorio and Colorni, Alberto},
  journal={IEEE Transactions on Systems, Man, and Cybernetics, Part B (Cybernetics)},
  volume={26},
  number={1},
  pages={29--41},
  year={1996},
  publisher={IEEE}
}

@article{chowdhury2019modified,
  title={A modified Ant Colony Optimization algorithm to solve a dynamic traveling salesman problem: A case study with drones for wildlife surveillance},
  author={Chowdhury, Sudipta and Marufuzzaman, Mohammad and Tunc, Huseyin and Bian, Linkan and Bullington, William},
  journal={Journal of Computational Design and Engineering},
  volume={6},
  number={3},
  pages={368--386},
  year={2019},
  publisher={Oxford University Press}
}

@article{mnih2015human,
  title={Human-level control through deep reinforcement learning},
  author={Mnih, Volodymyr and Kavukcuoglu, Koray and Silver, David and Rusu, Andrei A and Veness, Joel and Bellemare, Marc G and Graves, Alex and Riedmiller, Martin and Fidjeland, Andreas K and Ostrovski, Georg and others},
  journal={nature},
  volume={518},
  number={7540},
  pages={529--533},
  year={2015},
  publisher={Nature Publishing Group}
}

@inproceedings{bonilha2020ant,
  title={Ant Colony optimization with Heuristic Repair for the Dynamic Vehicle Routing Problem},
  author={Bonilha, Ia{\^e} S and Mavrovouniotis, Michalis and M{\"u}ller, Felipe M and Ellinas, Georgios and Polycarpou, Marios},
  booktitle={2020 IEEE Symposium Series on Computational Intelligence (SSCI)},
  pages={313--320},
  year={2020},
  organization={IEEE}
}

@book{goodfellow2016deep,
  title={Deep learning},
  author={Goodfellow, Ian and Bengio, Yoshua and Courville, Aaron and Bengio, Yoshua},
  volume={1},
  number={2},
  year={2016},
  publisher={MIT press Cambridge}
}

@article{nezamabadi2006edge,
  title={Edge detection using ant algorithms},
  author={Nezamabadi-Pour, Hossein and Saryazdi, Saeid and Rashedi, Esmat},
  journal={Soft Computing},
  volume={10},
  number={7},
  pages={623--628},
  year={2006},
  publisher={Springer}
}
@inproceedings{lopez2010automatic,
  title={Automatic configuration of multi-objective ACO algorithms},
  author={L{\'o}pez-Ib{\'a}nez, Manuel and St{\"u}tzle, Thomas},
  booktitle={International Conference on Swarm Intelligence},
  pages={95--106},
  year={2010},
  organization={Springer}
}

@article{blickle1996comparison,
  title={A comparison of selection schemes used in evolutionary algorithms},
  author={Blickle, Tobias and Thiele, Lothar},
  journal={Evolutionary Computation},
  volume={4},
  number={4},
  pages={361--394},
  year={1996},
  publisher={MIT Press}
}


@article{lipowski2012roulette,
  title={Roulette-wheel selection via stochastic acceptance},
  author={Lipowski, Adam and Lipowska, Dorota},
  journal={Physica A: Statistical Mechanics and its Applications},
  volume={391},
  number={6},
  pages={2193--2196},
  year={2012},
  publisher={Elsevier}
}

@article{Miller1995GeneticAT,
  title={Genetic Algorithms, Tournament Selection, and the Effects of Noise},
  author={B. Miller and D. Goldberg},
  journal={Complex Syst.},
  year={1995},
  volume={9}
}